@book {pogorelov1952odnoznacnaya,
    AUTHOR = {Pogorelov, A. V.},
     TITLE = {Odnozna\v cnaya opredelennost$\prime$ob\v s\v cih vypuklyh poverhnoste\u\i },
    SERIES = {Monografii Instituta Matematiki, vyp. II},
 PUBLISHER = {Akad. Nauk Ukrainsko\u\i \ SSR, Kiev},
      YEAR = {1952},
     PAGES = {69},
   MRCLASS = {52.0X},
  MRNUMBER = {0063681},
MRREVIEWER = {H. Busemann},
}


@article {protasov2008onthenumber,
    AUTHOR = {Protasov, V. Yu.},
     TITLE = {On the number of closed geodesics on a polyhedron},
   JOURNAL = {Uspekhi Mat. Nauk},
  FJOURNAL = {Rossi\u\i skaya Akademiya Nauk. Moskovskoe Matematicheskoe
              Obshchestvo. Uspekhi Matematicheskikh Nauk},
    VOLUME = {63},
      YEAR = {2008},
    NUMBER = {5(383)},
     PAGES = {197--198},
      ISSN = {0042-1316},
   MRCLASS = {52B05},
  MRNUMBER = {2484040},
       DOI = {10.1070/RM2008v063n05ABEH004570},
       URL = {http://dx.doi.org/10.1070/RM2008v063n05ABEH004570},
}

@book {aleksandrov1948vnutrennnyaya,
    AUTHOR = {Aleksandrov, A. D.},
     TITLE = {Vnutrennyaya {G}eometriya {V}ypuklyh {P}overhnoste\u\i },
 PUBLISHER = {OGIZ, Moscow-Leningrad,]},
      YEAR = {1948},
     PAGES = {387},
   MRCLASS = {52.0X},
  MRNUMBER = {0029518},
MRREVIEWER = {H. Busemann},
}

@article {alexandroff1941theinner,
    AUTHOR = {Alexandroff, A.},
     TITLE = {The inner geometry of an arbitrary convex surface},
   JOURNAL = {C. R. (Doklady) Acad. Sci. URSS (N.S.)},
    VOLUME = {32},
      YEAR = {1941},
     PAGES = {467--470},
   MRCLASS = {53.0X},
  MRNUMBER = {0009146},
MRREVIEWER = {A. B. Brown},
}